%YAML 1.1
%TAG !u! tag:unity3d.com,2011:
--- !u!1 &871722543577629867
GameObject:
  m_ObjectHideFlags: 0
  m_CorrespondingSourceObject: {fileID: 0}
  m_PrefabInstance: {fileID: 0}
  m_PrefabAsset: {fileID: 0}
  serializedVersion: 6
  m_Component:
  - component: {fileID: 871722543577629866}
  m_Layer: 0
  m_Name: Switch Door Group
  m_TagString: Untagged
  m_Icon: {fileID: 0}
  m_NavMeshLayer: 0
  m_StaticEditorFlags: 0
  m_IsActive: 1
--- !u!4 &871722543577629866
Transform:
  m_ObjectHideFlags: 0
  m_CorrespondingSourceObject: {fileID: 0}
  m_PrefabInstance: {fileID: 0}
  m_PrefabAsset: {fileID: 0}
  m_GameObject: {fileID: 871722543577629867}
  m_LocalRotation: {x: 0, y: 0, z: 0, w: 1}
  m_LocalPosition: {x: 0, y: 0, z: 0}
  m_LocalScale: {x: 1, y: 1, z: 1}
  m_Children:
  - {fileID: 871722543883533468}
  - {fileID: 2810293382091515296}
  - {fileID: 3649202047599875915}
  m_Father: {fileID: 0}
  m_RootOrder: 0
  m_LocalEulerAnglesHint: {x: 0, y: 0, z: 0}
--- !u!1 &871722543883533469
GameObject:
  m_ObjectHideFlags: 0
  m_CorrespondingSourceObject: {fileID: 0}
  m_PrefabInstance: {fileID: 0}
  m_PrefabAsset: {fileID: 0}
  serializedVersion: 6
  m_Component:
  - component: {fileID: 871722543883533468}
  m_Layer: 0
  m_Name: Camera Destination
  m_TagString: Untagged
  m_Icon: {fileID: 0}
  m_NavMeshLayer: 0
  m_StaticEditorFlags: 0
  m_IsActive: 1
--- !u!4 &871722543883533468
Transform:
  m_ObjectHideFlags: 0
  m_CorrespondingSourceObject: {fileID: 0}
  m_PrefabInstance: {fileID: 0}
  m_PrefabAsset: {fileID: 0}
  m_GameObject: {fileID: 871722543883533469}
  m_LocalRotation: {x: 0.21201219, y: 0.55403227, z: -0.14845252, w: 0.7912401}
  m_LocalPosition: {x: -11.440001, y: 6.26, z: -11.4}
  m_LocalScale: {x: 1, y: 1, z: 1}
  m_Children: []
  m_Father: {fileID: 871722543577629866}
  m_RootOrder: 0
  m_LocalEulerAnglesHint: {x: 0, y: 0, z: 0}
--- !u!95 &5939916120033538602
Animator:
  serializedVersion: 3
  m_ObjectHideFlags: 0
  m_CorrespondingSourceObject: {fileID: 0}
  m_PrefabInstance: {fileID: 0}
  m_PrefabAsset: {fileID: 0}
  m_GameObject: {fileID: 4717465156462342679}
  m_Enabled: 1
  m_Avatar: {fileID: 0}
  m_Controller: {fileID: 9100000, guid: 4abdebbdc4ae37c498760463ea0436c9, type: 2}
  m_CullingMode: 0
  m_UpdateMode: 0
  m_ApplyRootMotion: 0
  m_LinearVelocityBlending: 0
  m_WarningMessage: 
  m_HasTransformHierarchy: 1
  m_AllowConstantClipSamplingOptimization: 1
  m_KeepAnimatorControllerStateOnDisable: 0
--- !u!114 &5939916120033538604
MonoBehaviour:
  m_ObjectHideFlags: 0
  m_CorrespondingSourceObject: {fileID: 0}
  m_PrefabInstance: {fileID: 0}
  m_PrefabAsset: {fileID: 0}
  m_GameObject: {fileID: 4717465156462342679}
  m_Enabled: 1
  m_EditorHideFlags: 0
  m_Script: {fileID: 11500000, guid: 2b67ace7387f79c459b7e7762a16ee83, type: 3}
  m_Name: 
  m_EditorClassIdentifier: 
  cutsceneCamera: {fileID: 0}
  mainCamera: {fileID: 0}
  focus: {fileID: 2810293382091515296}
  cameraDestination: {fileID: 871722543883533468}
  doorAnim: {fileID: 871722543381581815}
  cameraSpeed: 5
--- !u!1001 &5143024605495080937
PrefabInstance:
  m_ObjectHideFlags: 0
  serializedVersion: 2
  m_Modification:
    m_TransformParent: {fileID: 871722543577629866}
    m_Modifications:
    - target: {fileID: 5424386369748547683, guid: cec8c6d49fc84474b9d36b418825751b,
        type: 3}
      propertyPath: m_Name
      value: LockedDoor
      objectReference: {fileID: 0}
    - target: {fileID: 8501424235224309922, guid: cec8c6d49fc84474b9d36b418825751b,
        type: 3}
      propertyPath: m_LocalPosition.x
      value: -3.5
      objectReference: {fileID: 0}
    - target: {fileID: 8501424235224309922, guid: cec8c6d49fc84474b9d36b418825751b,
        type: 3}
      propertyPath: m_LocalPosition.y
      value: 1.5
      objectReference: {fileID: 0}
    - target: {fileID: 8501424235224309922, guid: cec8c6d49fc84474b9d36b418825751b,
        type: 3}
      propertyPath: m_LocalPosition.z
      value: -11
      objectReference: {fileID: 0}
    - target: {fileID: 8501424235224309922, guid: cec8c6d49fc84474b9d36b418825751b,
        type: 3}
      propertyPath: m_LocalRotation.x
      value: -0
      objectReference: {fileID: 0}
    - target: {fileID: 8501424235224309922, guid: cec8c6d49fc84474b9d36b418825751b,
        type: 3}
      propertyPath: m_LocalRotation.y
      value: -0.7071068
      objectReference: {fileID: 0}
    - target: {fileID: 8501424235224309922, guid: cec8c6d49fc84474b9d36b418825751b,
        type: 3}
      propertyPath: m_LocalRotation.z
      value: -0
      objectReference: {fileID: 0}
    - target: {fileID: 8501424235224309922, guid: cec8c6d49fc84474b9d36b418825751b,
        type: 3}
      propertyPath: m_LocalRotation.w
      value: 0.7071068
      objectReference: {fileID: 0}
    - target: {fileID: 8501424235224309922, guid: cec8c6d49fc84474b9d36b418825751b,
        type: 3}
      propertyPath: m_RootOrder
      value: 2
      objectReference: {fileID: 0}
    - target: {fileID: 8501424235224309922, guid: cec8c6d49fc84474b9d36b418825751b,
        type: 3}
      propertyPath: m_LocalEulerAnglesHint.x
      value: 0
      objectReference: {fileID: 0}
    - target: {fileID: 8501424235224309922, guid: cec8c6d49fc84474b9d36b418825751b,
        type: 3}
      propertyPath: m_LocalEulerAnglesHint.y
      value: -90
      objectReference: {fileID: 0}
    - target: {fileID: 8501424235224309922, guid: cec8c6d49fc84474b9d36b418825751b,
        type: 3}
      propertyPath: m_LocalEulerAnglesHint.z
      value: 0
      objectReference: {fileID: 0}
    m_RemovedComponents: []
  m_SourcePrefab: {fileID: 100100000, guid: cec8c6d49fc84474b9d36b418825751b, type: 3}
--- !u!4 &3649202047599875915 stripped
Transform:
  m_CorrespondingSourceObject: {fileID: 8501424235224309922, guid: cec8c6d49fc84474b9d36b418825751b,
    type: 3}
  m_PrefabInstance: {fileID: 5143024605495080937}
  m_PrefabAsset: {fileID: 0}
--- !u!95 &871722543381581815 stripped
Animator:
  m_CorrespondingSourceObject: {fileID: 5424386369748547614, guid: cec8c6d49fc84474b9d36b418825751b,
    type: 3}
  m_PrefabInstance: {fileID: 5143024605495080937}
  m_PrefabAsset: {fileID: 0}
--- !u!1001 &5939916120033538592
PrefabInstance:
  m_ObjectHideFlags: 0
  serializedVersion: 2
  m_Modification:
    m_TransformParent: {fileID: 871722543577629866}
    m_Modifications:
    - target: {fileID: 1376165991998767159, guid: de34e726d7cc4474d93ad1d3c8cdd0ba,
        type: 3}
      propertyPath: m_Name
      value: DoorSwitch
      objectReference: {fileID: 0}
    - target: {fileID: 8461974306946357120, guid: de34e726d7cc4474d93ad1d3c8cdd0ba,
        type: 3}
      propertyPath: m_LocalPosition.x
      value: -9
      objectReference: {fileID: 0}
    - target: {fileID: 8461974306946357120, guid: de34e726d7cc4474d93ad1d3c8cdd0ba,
        type: 3}
      propertyPath: m_LocalPosition.y
      value: 2.5
      objectReference: {fileID: 0}
    - target: {fileID: 8461974306946357120, guid: de34e726d7cc4474d93ad1d3c8cdd0ba,
        type: 3}
      propertyPath: m_LocalPosition.z
      value: -7
      objectReference: {fileID: 0}
    - target: {fileID: 8461974306946357120, guid: de34e726d7cc4474d93ad1d3c8cdd0ba,
        type: 3}
      propertyPath: m_LocalRotation.x
      value: -0
      objectReference: {fileID: 0}
    - target: {fileID: 8461974306946357120, guid: de34e726d7cc4474d93ad1d3c8cdd0ba,
        type: 3}
      propertyPath: m_LocalRotation.y
      value: -0
      objectReference: {fileID: 0}
    - target: {fileID: 8461974306946357120, guid: de34e726d7cc4474d93ad1d3c8cdd0ba,
        type: 3}
      propertyPath: m_LocalRotation.z
      value: -0
      objectReference: {fileID: 0}
    - target: {fileID: 8461974306946357120, guid: de34e726d7cc4474d93ad1d3c8cdd0ba,
        type: 3}
      propertyPath: m_LocalRotation.w
      value: 1
      objectReference: {fileID: 0}
    - target: {fileID: 8461974306946357120, guid: de34e726d7cc4474d93ad1d3c8cdd0ba,
        type: 3}
      propertyPath: m_RootOrder
      value: 1
      objectReference: {fileID: 0}
    - target: {fileID: 8461974306946357120, guid: de34e726d7cc4474d93ad1d3c8cdd0ba,
        type: 3}
      propertyPath: m_LocalEulerAnglesHint.x
      value: 0
      objectReference: {fileID: 0}
    - target: {fileID: 8461974306946357120, guid: de34e726d7cc4474d93ad1d3c8cdd0ba,
        type: 3}
      propertyPath: m_LocalEulerAnglesHint.y
      value: 0
      objectReference: {fileID: 0}
    - target: {fileID: 8461974306946357120, guid: de34e726d7cc4474d93ad1d3c8cdd0ba,
        type: 3}
      propertyPath: m_LocalEulerAnglesHint.z
      value: 0
      objectReference: {fileID: 0}
    - target: {fileID: 952581304099627812, guid: de34e726d7cc4474d93ad1d3c8cdd0ba,
        type: 3}
      propertyPath: m_LocalPosition.x
      value: -0.6000004
      objectReference: {fileID: 0}
    - target: {fileID: 5972166027538119783, guid: de34e726d7cc4474d93ad1d3c8cdd0ba,
        type: 3}
      propertyPath: m_Materials.Array.data[0]
      value: 
      objectReference: {fileID: 2100000, guid: 5a26de236ce89e94b963be8fa2b7ade6, type: 2}
    - target: {fileID: 5706690142623556133, guid: de34e726d7cc4474d93ad1d3c8cdd0ba,
        type: 3}
      propertyPath: m_LocalPosition.x
      value: -0.55700016
      objectReference: {fileID: 0}
    - target: {fileID: 4339278737137203136, guid: de34e726d7cc4474d93ad1d3c8cdd0ba,
        type: 3}
      propertyPath: m_LocalRotation.y
      value: 0.7071068
      objectReference: {fileID: 0}
    - target: {fileID: 4339278737137203136, guid: de34e726d7cc4474d93ad1d3c8cdd0ba,
        type: 3}
      propertyPath: m_LocalRotation.w
      value: 0.7071068
      objectReference: {fileID: 0}
    - target: {fileID: 4339278737137203136, guid: de34e726d7cc4474d93ad1d3c8cdd0ba,
        type: 3}
      propertyPath: m_LocalEulerAnglesHint.y
      value: 90
      objectReference: {fileID: 0}
    - target: {fileID: 4339278737137203136, guid: de34e726d7cc4474d93ad1d3c8cdd0ba,
        type: 3}
      propertyPath: m_LocalPosition.x
      value: -3.92
      objectReference: {fileID: 0}
    - target: {fileID: 4339278737137203136, guid: de34e726d7cc4474d93ad1d3c8cdd0ba,
        type: 3}
      propertyPath: m_LocalPosition.y
      value: 4
      objectReference: {fileID: 0}
    - target: {fileID: 162633027717209189, guid: de34e726d7cc4474d93ad1d3c8cdd0ba,
        type: 3}
      propertyPath: m_IsTrigger
      value: 1
      objectReference: {fileID: 0}
    m_RemovedComponents: []
  m_SourcePrefab: {fileID: 100100000, guid: de34e726d7cc4474d93ad1d3c8cdd0ba, type: 3}
--- !u!1 &4717465156462342679 stripped
GameObject:
  m_CorrespondingSourceObject: {fileID: 1376165991998767159, guid: de34e726d7cc4474d93ad1d3c8cdd0ba,
    type: 3}
  m_PrefabInstance: {fileID: 5939916120033538592}
  m_PrefabAsset: {fileID: 0}
--- !u!4 &2810293382091515296 stripped
Transform:
  m_CorrespondingSourceObject: {fileID: 8461974306946357120, guid: de34e726d7cc4474d93ad1d3c8cdd0ba,
    type: 3}
  m_PrefabInstance: {fileID: 5939916120033538592}
  m_PrefabAsset: {fileID: 0}
